% Renamed from Ref.bib
% Originally from DJ, with additions/updates from Ben, Bala, Rosemary
% Last updated Jul 19, 2021
%
% Jul 19, 2021: Entries from CoHiVa2016 to Mc1976 added by RB
% Nov  3, 2020: Typos fixed, details added in MoVrYa2002; added EACDOE2018, DvKrLuRa2020
% Jul 24, 2019: Updated BiMu2016

@ARTICLE{BaiNew,
author={X. Bai and L. Qu and W. Qiao},
journal={IEEE Transactions on Power Systems},
title={Robust {AC} Optimal Power Flow for Power Networks With Wind Power Generation},
year={2016},
volume={31},
number={5},
pages={4163-4164},
keywords={load flow;optimisation;wind power plants;RACOPF model;power networks;robust AC optimal power flow;robust DC-OPF model;robust optimization-based AC optimal power flow;uncertain wind power generation;Generators;Load modeling;Mathematical model;Numerical models;Robustness;Uncertainty;Wind power generation;Optimal power flow (OPF);robust optimization;second-order cone programming (SOCP);wind power},
doi={10.1109/TPWRS.2015.2493778},
ISSN={0885-8950},
month={Sept},}

@article{jabr2012exploiting,
  title={Exploiting sparsity in {SDP} relaxations of the {OPF} problem},
  author={Jabr, Rabih A},
  journal={IEEE Transactions on Power Systems},
  volume={27},
  number={2},
  pages={1138--1139},
  year={2012},
  publisher={IEEE}
}

@article{bolognani2016existence,
  title={On the existence and linear approximation of the power flow solution in power distribution networks},
  author={Bolognani, Saverio and Zampieri, Sandro},
  journal={IEEE Transactions on Power Systems},
  volume={31},
  number={1},
  pages={163--172},
  year={2016},
  publisher={IEEE}
}
@INPROCEEDINGS{YuTuritsyn,
author={S. Yu and H. D. Nguyen and K. S. Turitsyn},
booktitle={2015 IEEE Power Energy Society General Meeting},
title={Simple certificate of solvability of power flow equations for distribution systems},
year={2015},
pages={1-5},
keywords={load flow;power distribution economics;power distribution planning;power system security;Banach fixed point theorem;contingency analysis;distribution system solvable boundary;multidimensional parameter space;operational problem;planning process problem;power flow equation solvability simple certificate;security assessment;Approximation methods;Mathematical model;Power system stability;Security;Shape;Stability criteria;Distribution systems;power flow;security constraint;solvability;voltage stability},
doi={10.1109/PESGM.2015.7286371},
ISSN={1932-5517},
month={July},}

@article{DjTuritsyn,
author={Krishnamurthy Dvijotham and Hung Nguyen and Konstantin Turitsyn},
journal={IEEE Control Systems Letters},
title={Solvability Regions of Affinely Parameterized Quadratic Equations},
year={2018},
volume={2},
number={1},
pages={25--30},
keywords={computability;optimisation;affinely parameterized quadratic equations;equilibrium behavior;explicit norm-like constraints;nominal parameter value;optimization;physical infrastructure networks;quadratic systems;solvability regions;Jacobian matrices;Mathematical model;Optimization;Power grids;Uncertainty;Wind forecasting;Stability of nonlinear systems;optimization;robust control;uncertain systems},
doi={10.1109/LCSYS.2017.2721380},
ISSN={},
month={Jan},}


@book{ben2009robust,
  title={Robust optimization},
  author={Ben-Tal, Aharon and El Ghaoui, Laurent and Nemirovski, Arkadi},
  year={2009},
  publisher={Princeton University Press}
}

@ARTICLE{EPFLB,
author={C. Wang and A. Bernstein and J. Y. Le Boudec and M. Paolone},
journal={IEEE Transactions on Smart Grid},
title={Explicit Conditions on Existence and Uniqueness of Load-Flow Solutions in Distribution Networks},
year={2016},
volume={PP},
number={99},
pages={1-1},
keywords={Admittance;Network topology;Reactive power;Real-time systems;Topology;Voltage control;distribution networks;existence and uniqueness;fixed point method;load flow solution},
doi={10.1109/TSG.2016.2572060},
ISSN={1949-3053},
month={},}
@ARTICLE{EPFLA,
author={C. Wang and A. Bernstein and J. Y. Le Boudec and M. Paolone},
journal={IEEE Transactions on Power Systems},
title={Existence and Uniqueness of Load-Flow Solutions in Three-Phase Distribution Networks},
year={2016},
volume={PP},
number={99},
pages={1-1},
keywords={Admittance;Core loss;Indexes;Network topology;Power demand;Power transmission lines;Transmission line matrix methods;distribution networks;existence and uniqueness;fixed point method;load flow solution},
doi={10.1109/TPWRS.2016.2623979},
ISSN={0885-8950},
month={},}

@article{molzahn2015sparsity,
  title={Sparsity-exploiting moment-based relaxations of the optimal power flow problem},
  author={Molzahn, Daniel K and Hiskens, Ian A},
  journal={IEEE Transactions on Power Systems},
  volume={30},
  number={6},
  pages={3168--3180},
  year={2015},
  publisher={IEEE}
}

@article{andersen2014reduced,
  title={Reduced-complexity semidefinite relaxations of optimal power flow problems},
  author={Andersen, Martin S and Hansson, Anders and Vandenberghe, Lieven},
  journal={IEEE Transactions on Power Systems},
  volume={29},
  number={4},
  pages={1855--1863},
  year={2014},
  publisher={IEEE}
}

@inproceedings{coffrin2015strengthening,
  title={Strengthening convex relaxations with bound tightening for power network optimization},
  author={Coffrin, Carleton and Hijazi, Hassan L and Van Hentenryck, Pascal},
  booktitle={International Conference on Principles and Practice of Constraint Programming},
  pages={39--57},
  year={2015},
  organization={Springer International Publishing}
}
@ARTICLE{BTAnalytical,
author={C. Chen and A. Atamt{\"u}rk and S. S. Oren},
journal={IEEE Transactions on Power Systems},
title={Bound Tightening for the Alternating Current Optimal Power Flow Problem},
year={2016},
volume={31},
number={5},
pages={3729-3736},
keywords={concave programming;load flow;quadratic programming;tree searching;ACOPF problem;IEEE test case;SDP relaxation;alternating current optimal power flow problem;lower variable bound tightening;nonconvex QCQP formulation;nonconvex quadratically-constrained quadratic program;semidefinite programming relaxation;spatial branch-and-bound method;spatial branch-and-cut solver;spatial branching;upper variable bound tightening;zero duality gap;Generators;Load flow;Mathematical model;Optimization;Programming;Reactive power;Optimal power flow;bound tightening;conic optimization;spatial branch and bound},
doi={10.1109/TPWRS.2015.2497160},
ISSN={0885-8950},
month={Sept},}

@Article{Beelitz2009,
author="Beelitz, Thomas
and Frommer, Andreas
and Lang, Bruno
and Willems, Paul",
title="A framework for existence tests based on the topological degree and homotopy",
journal="Numerische Mathematik",
year="2009",
volume="111",
number="4",
pages="493--507",
abstract="The invariance of the topological degree under certain homotopies is used to derive a framework for tests to computationally prove the existence of zeros of nonlinear mappings in                                                                           {\$}{\$}{\{}{\backslash}mathbb {\{}R{\}}^{\{}n{\}}{\}}{\$}{\$}                 . These tests use interval arithmetic to enclose the range of a function over a box and are provably more general than many other tests like the Moore--Kioustelidis test, a test based on the Krawczyk operator, and another degree--based test published recently. A numerical example is included.",
issn="0945-3245",
doi="10.1007/s00211-008-0193-3",
url="http://dx.doi.org/10.1007/s00211-008-0193-3"
}


@inproceedings{mathieu2011examining,
  title={Examining uncertainty in demand response baseline models and variability in automated responses to dynamic pricing},
  author={Mathieu, Johanna L and Callaway, Duncan S and Kiliccote, Sila},
  booktitle={Decision and Control and European Control Conference (CDC-ECC), 2011 50th IEEE Conference on},
  pages={4332--4339},
  year={2011},
  organization={IEEE}
}

@incollection{taylor2015uncertainty,
  title={Uncertainty in Demand Responseâ€”Identification, Estimation, and Learning},
  author={Taylor, Joshua A and Mathieu, Johanna L},
  booktitle={The Operations Research Revolution},
  pages={56--70},
  year={2015},
  publisher={INFORMS}
}

@article{low2014convex,
  title={{Convex relaxation of optimal power flow--Part I: Formulations and equivalence}},
  author={Low, Steven H},
  journal={IEEE Transactions on Control of Network Systems},
  volume={1},
  number={1},
  pages={15--27},
  year={2014},
  publisher={IEEE}
}

@phdthesis{verma2009power,
  title={Power grid security analysis: An optimization approach},
  author={Verma, Abhinav},
  year={2009},
  school={Columbia University}
}

@article{low2014convexB,
  title={{Convex relaxation of optimal power flow--Part II: Exactness}},
  author={Low, Steven H},
  journal={IEEE Transactions on Control of Network Systems},
  volume={1},
  number={2},
  pages={177--189},
  year={2014},
  publisher={IEEE}
}

@ARTICLE{CoffrinNew,
author={C. Coffrin and H. Hijazi and P. Van Hentenryck},
journal={IEEE Transactions on Power Systems},
title={{Strengthening the SDP Relaxation of AC Power Flows with Convex Envelopes, Bound Tightening, and Valid Inequalities}},
year={2016},
volume={PP},
number={99},
pages={1-1},
keywords={Generators;Linear programming;Load flow;Mathematical model;Minimization;Optimization;Programming;Convex Quadratic Optimization;Optimal Power Flow;Optimization Methods;Semidefine Programming},
doi={10.1109/TPWRS.2016.2634586},
ISSN={0885-8950},
month={},}

@article{kocuk2016strong,
  title={{Strong SOCP relaxations for the optimal power flow problem}},
  author={Kocuk, Burak and Dey, Santanu S. and Sun, Andy X.},
  journal={Operations Research},
  volume={64},
  number={6},
  pages={1177--1196},
  year={2016},
  publisher={INFORMS}
}

@article{lasserre2015tractable,
  title={Tractable approximations of sets defined with quantifiers},
  author={Lasserre, Jean B},
  journal={Mathematical Programming},
  volume={151},
  number={2},
  pages={507--527},
  year={2015},
  publisher={Springer}
}

@article{franek2016solving,
  title={Solving equations and optimization problems with uncertainty},
  author={Franek, Peter and Kr{\v{c}}{\'a}l, Marek and Wagner, Hubert},
  journal={arXiv preprint arXiv:1607.06344},
  year={2016}
}


@article{BeNoTe2010,
author = {Dimitris Bertsimas and Omid Nohadani and Kwong Meng Teo},
title = {Nonconvex Robust Optimization for Problems with Constraints},
journal = {INFORMS Journal on Computing},
volume = {22},
number = {1},
pages = {44--58},
year = {2010},
doi = {10.1287/ijoc.1090.0319},
abstract = { We propose a new robust optimization method for problems with objective functions that may be computed via numerical simulations and incorporate constraints that need to be feasible under perturbations. The proposed method iteratively moves along descent directions for the robust problem with nonconvex constraints and terminates at a robust local minimum. We generalize the algorithm further to model parameter uncertainties. We demonstrate the practicability of the method in a test application on a nonconvex problem with a polynomial cost function as well as in a real-world application to the optimization problem of intensity-modulated radiation therapy for cancer treatment. The method significantly improves the robustness for both designs. }
}


@article{BiChHa2014,
author = {Daniel Bienstock and Michael Chertkov and Sean Harnett},
title = {Chance-Constrained Optimal Power Flow: Risk-Aware Network Control under Uncertainty},
journal = {SIAM Review},
volume = {56},
number = {3},
pages = {461--495},
year = {2014},
doi = {10.1137/130910312},
}

@inproceedings{louca2016stochastic,
  title={Stochastic {AC} optimal power flow with affine recourse},
  author={Louca, Raphael and Bitar, Eilyan},
  booktitle={Decision and Control (CDC), 2016 IEEE 55th Conference on},
  pages={2431--2436},
  year={2016},
  organization={IEEE}
}

@article{DvChVaVuMi2017,
author="Dvijotham, Krishnamurthy and Chertkov, Michael and Van Hentenryck, Pascal and Vuffray, Marc and Misra, Sidhant",
title="Graphical models for optimal power flow",
journal="Constraints",
year="2017",
volume="22",
number="1",
pages="24--49",
abstract="Optimal power flow (OPF) is the central optimization problem in electric power grids. Although solved routinely in the course of power grid operations, it is known to be strongly NP-hard in general, and weakly NP-hard over tree networks. In this paper, we formulate the optimal power flow problem over tree networks as an inference problem over a tree-structured graphical model where the nodal variables are low-dimensional vectors. We adapt the standard dynamic programming algorithm for inference over a tree-structured graphical model to the OPF problem. Combining this with an interval discretization of the nodal variables, we develop an approximation algorithm for the OPF problem. Further, we use techniques from constraint programming (CP) to perform interval computations and adaptive bound propagation to obtain practically efficient algorithms. Compared to previous algorithms that solve OPF with optimality guarantees using convex relaxations, our approach is able to work for arbitrary tree-structured distribution networks and handle mixed-integer optimization problems. Further, it can be implemented in a distributed message-passing fashion that is scalable and is suitable for ``smart grid'' applications like control of distributed energy resources. Numerical evaluations on several benchmark networks show that practical OPF problems can be solved effectively using this approach.",
issn="1572-9354",
doi="10.1007/s10601-016-9253-y",
url="http://dx.doi.org/10.1007/s10601-016-9253-y"
}


@article{BiMu2016,
  author    = "Daniel Bienstock and Gonzalo Mu{\~n}oz",
  title     = {{LP} approximations to mixed-integer polynomial optimization problems},
  journal   = {CoRR},
  volume    = {abs/1501.00288v15},
  year      = {2016},
  note      = {\href{http://arxiv.org/abs/1501.00288}{http://arxiv.org/abs/1501.00288}}
}


@INPROCEEDINGS{TsBiTa2016,
author={S. H. Tseng and E. Bitar and A. Tang},
booktitle={2016 IEEE 55th Conference on Decision and Control (CDC)},
title={Random convex approximations of ambiguous chance constrained programs},
year={2016},
pages={6210--6215},
keywords={approximation theory;convex programming;statistical distributions;ACCP approximation;Prokhorov metric;RSCP;ambiguous chance constrained programs;central distribution;closed ball;probability;random convex approximations;robust sampled convex program;Measurement;Probabilistic logic;Procurement;Random variables;Robustness;Uncertainty;Upper bound;Stochastic optimization;chance constraints;randomized algorithms;sample complexity},
doi={10.1109/CDC.2016.7799224},
month={Dec},}


@article{FrRe2016,
author = {Stephen Frank and Steffen Rebennack},
title = {An introduction to optimal power flow: Theory, formulation, and examples},
journal = {IIE Transactions},
volume = {48},
number = {12},
pages = {1172--1197},
year = {2016},
doi = {10.1080/0740817X.2016.1189626},
}


@inproceedings{ONCaCa2012,
	Author = {Richard P. {O' Neill} and Anya Castillo and Mary B. Cain},
	Institution = {Federal Energy Regulatory Commission},
	Number = {},
	booktitle = {Optimal Power Flow and Formulation Papers},
	note = {Available at \url{https://www.ferc.gov/industries/electric/indus-act/market-planning/opf-papers.asp}},
	Title = {The {IV} Formulation and Linear Approximations of the
                  {AC} Optimal Power Flow Problem {(Optimal Power Flow Paper 2)}},
	Url = {https://www.ferc.gov/industries/electric/indus-act/market-planning/opf-papers/acopf-2-iv-linearization.pdf},
	Year = {2012}}

@inproceedings{CaONCa2012,
	Author = {Mary B. Cain and Richard P. {O' Neill} and Anya Castillo},
	Institution = {Federal Energy Regulatory Commission},
	Number = {},
	booktitle = {Optimal Power Flow and Formulation Papers},
	note = {Available at \url{https://www.ferc.gov/industries/electric/indus-act/market-planning/opf-papers.asp}},
	Title = {History of Optimal Power Flow and Formulations {(Optimal Power Flow Paper 1)}},
	Url = {https://www.ferc.gov/industries/electric/indus-act/market-planning/opf-papers/acopf-1-history-formulation-testing.pdf},
	Year = {2012}}


@article{RoVrOlAn2015,
title = "Risk-based optimal power flow with probabilistic guarantees",
journal = "International Journal of Electrical Power and Energy Systems ",
volume = "72",
pages = "66--74",
year = "2015",
note = "The Special Issue for 18th Power Systems Computation Conference",
issn = "0142-0615",
doi = "http://dx.doi.org/10.1016/j.ijepes.2015.02.012",
url = "http://www.sciencedirect.com/science/article/pii/S0142061515000952",
author = "Line Roald and Maria Vrakopoulou and Frauke Oldewurtel and G{\"o}ran Andersson",
keywords = "Risk-based optimal power flow",
keywords = "Chance constrained optimal power flow",
keywords = "Security",
keywords = "Wind power integration ",
abstract = "Abstract Higher penetration of renewable energy sources and market liberalization increase both the need for transmission capacity and the uncertainty in power system operation. New methods for power system operational planning are needed to allow for efficient use of the grid, while maintaining security against disturbances. In this paper, we propose a risk model for risks related to outages, accounting for available remedial measures and the impact of cascading events. The new risk model is used to formulate risk-based constraints for the post-contingency line flows, which are included in an optimal power flow (OPF) formulation. Forecast uncertainty is accounted for by formulating the relevant constraints as a joint chance constraint, and the problem is solved using a sampling-based technique. In a case study of the \{IEEE\} 30 bus system, we demonstrate how the proposed risk-based, probabilistic \{OPF\} allows us to control the risk level, even in presence of uncertainty. We investigate the trade-off between generation cost and risk level in the system, and show how accounting for uncertainty leads to a more expensive, but more secure dispatch. "
}

@article{wang1992interval,
  title={Interval arithmetic in power flow analysis},
  author={Wang, Zian and Alvarado, Fernando L},
  journal={IEEE Transactions on Power Systems},
  volume={7},
  number={3},
  pages={1341--1349},
  year={1992},
  publisher={IEEE}
}

@article{morales2007point,
  title={Point estimate schemes to solve the probabilistic power flow},
  author={Morales, Juan M and Perez-Ruiz, Juan},
  journal={IEEE Transactions on Power Systems},
  volume={22},
  number={4},
  pages={1594--1601},
  year={2007},
  publisher={IEEE}
}

@article{zhang2011chance,
  title={Chance constrained programming for optimal power flow under uncertainty},
  author={Zhang, Hui and Li, Pu},
  journal={IEEE Transactions on Power Systems},
  volume={26},
  number={4},
  pages={2417--2424},
  year={2011},
  publisher={IEEE}
}

@book{fonseca1995degree,
  title={Degree theory in analysis and applications},
  author={Fonseca, Irene and Gangbo, Wilfrid},
  number={2},
  year={1995},
  publisher={Oxford University Press}
}

@article{d2003relaxations,
  title={Relaxations and randomized methods for nonconvex {QCQPs}},
  author={{d\textquotesingle Aspremont}, Alexandre and Boyd, Stephen},
  journal={EE392o Class Notes, Stanford University},
  number={1},
  pages={1--16},
  year={2003}
}

@article{frommer2005existence,
  title={Existence tests for solutions of nonlinear equations using Borsuk's theorem},
  author={Frommer, Andreas and Lang, Bruno},
  journal={SIAM journal on numerical analysis},
  volume={43},
  number={3},
  pages={1348--1361},
  year={2005},
  publisher={SIAM}
}

@inproceedings{louca2016hierarchy,
  title={A hierarchy of polyhedral approximations of robust semidefinite programs},
  author={Louca, Raphael and Bitar, Eilyan},
  booktitle={Decision and Control (CDC), 2016 IEEE 55th Conference on},
  pages={7056--7062},
  year={2016},
  organization={IEEE}
}

@article{ben1998robust,
  title={Robust convex optimization},
  author={Ben-Tal, Aharon and Nemirovski, Arkadi},
  journal={Mathematics of operations research},
  volume={23},
  number={4},
  pages={769--805},
  year={1998},
  publisher={INFORMS}
}

@ARTICLE{GanOPF,
author={L. Gan and N. Li and U. Topcu and S. H. Low},
journal={IEEE Transactions on Automatic Control},
title={Exact Convex Relaxation of Optimal Power Flow in Radial Networks},
year={2015},
volume={60},
number={1},
pages={72-87},
keywords={IEEE standards;load flow;IEEE 123-bus networks;IEEE 13-bus networks;IEEE 34-bus networks;IEEE 37-bus networks;OPF problem;convex relaxation;generation cost;optimal power flow;power loss;radial networks;radial power networks;second-order cone program;Approximation methods;Equations;Mathematical model;Reactive power;Silicon;Substations;Upper bound;Optimal power flow (OPF)},
doi={10.1109/TAC.2014.2332712},
ISSN={0018-9286},
month={Jan},}

@article{georghiou2015generalized,
  title={Generalized decision rule approximations for stochastic programming via liftings},
  author={Georghiou, Angelos and Wiesemann, Wolfram and Kuhn, Daniel},
  journal={Mathematical Programming},
  volume={152},
  number={1-2},
  pages={301--338},
  year={2015},
  publisher={Springer}
}

@article{DvKrRa2017,
	Author = {Krishnamurthy Dvijotham and Bala Krishnamoorthy and Benjamin Rapone},
	Journal = {},
	Number = {},
	Pages = {},
	Title = {Efficient computation of outer and innner approximations of power flow feasibility sets},
	Volume = {},
	Year = {2017},
        Note = {{\em In preparation}}
	}

@ARTICLE{matpower,
author={Ray Daniel Zimmerman and Carlos Edmundo Murillo-Sanchez and Robert John Thomas},
journal={IEEE Transactions on Power Systems},
title={MATPOWER: Steady-State Operations, Planning, and Analysis Tools for Power Systems Research and Education},
year={2011},
volume={26},
number={1},
pages={12--19},
keywords={load flow;mathematics computing;piecewise linear techniques;power generation dispatch;power generation planning;power system simulation;DC OPF problem;MATPOWER;Matlab-based power system simulation package;OPF architecture;branch angle difference;load dispatch;network modeling;optimal power flow;piecewise linear cost function;power system education;power system planning;power system research;steady-state operation;user defined variable;Load flow analysis;optimal power flow;optimization methods;power engineering;power engineering education;power system economics;power system simulation;power systems;simulation software;software tools},
doi={10.1109/TPWRS.2010.2051168},
ISSN={0885-8950},
month={Feb},}

@book{OrChCh2006,
author="Donal {O'Regan} and Yeol Je Cho and Yu-Qing Chen",
title="Topological Degree Theory and Applications",
volume="10",
year="2006",
publisher="Chapman and Hall/CRC",
address="Boca Raton, FL",
pages="1-15",
isbn="1-58488-648-X",
}

@article{FrHoLa2007,
author    = {A. Frommer and F. Hoxha and B Lang},
title     = {Proving the existence of zeros using the topological degree and interval arithmetic},
year      = {2007},
journal= {{Journal of Computational and Applied Mathematics}},
pages = {397--402},
volume= {199},
}

@article{MoVrYa2002,
author    = {B. Mourrain and M.N. Vrahatis and J.C. Yakoubsohn},
title     = {On the Complexity of Isolating Real Roots and Computing with Certainty the Topological Degree},
year      = {2002},
journal= {{Journal of Complexity}},
pages = {612--640},
volume = "18",
number = "2",
}

@article{GRIEWANK2014,
   title = {{On Automatic Differentiation and Algorithmic Linearization}},
   journal = {{Pesquisa Operacional}},
   author={Griewank, Andreas},
   ISSN = {0101-7438},
   language = {en},
   URL = {http://www.scielo.br/scielo.php?script=sci_arttext&pid=S0101-74382014000300621&nrm=iso},
   volume = {34},
   year = {2014},
   month = {12},
   pages = {621 - 645},
   publisher = {scielo},
   }
%    crossref = {10.1590/0101-7438.2014.034.03.0621},


@inproceedings{BeEdMoPa2010,
author="Bendich, Paul and Edelsbrunner, Herbert and Morozov, Dmitriy and Patel, Amit",
title="The Robustness of Level Sets",
bookTitle="ESA 2010: 18th Annual European Symposium, Liverpool, UK, September 6-8, 2010. Proceedings, Part I",
year="2010",
publisher="Springer Berlin Heidelberg",
pages="1--10",
isbn="978-3-642-15775-2",
doi="10.1007/978-3-642-15775-2_1",
url="http://dx.doi.org/10.1007/978-3-642-15775-2_1"
}

@article{EdMoPa2011,
author="Edelsbrunner, Herbert and Morozov, Dmitriy and Patel, Amit",
title="Quantifying Transversality by Measuring the Robustness of Intersections",
journal="Foundations of Computational Mathematics",
year="2011",
volume="11",
number="3",
pages="345--361",
abstract="By definition, transverse intersections are stable under infinitesimal perturbations. Using persistent homology, we extend this notion to a measure. Given a space of perturbations, we assign to each homology class of the intersection its robustness, the magnitude of a perturbation in this space necessary to kill it, and then we prove that the robustness is stable. Among the applications of this result is a stable notion of robustness for fixed points of continuous mappings and a statement of stability for contours of smooth mappings.",
issn="1615-3383",
doi="10.1007/s10208-011-9090-8",
url="http://dx.doi.org/10.1007/s10208-011-9090-8"
}

@article{ChSkPa2012,
title = "Computing well diagrams for vector fields on $\mathbb{R}^n$",
journal = "Applied Mathematics Letters",
volume = "25",
number = "11",
pages = "1725--1728",
year = "2012",
note = "",
issn = "0893-9659",
doi = "http://dx.doi.org/10.1016/j.aml.2012.01.046",
url = "http://www.sciencedirect.com/science/article/pii/S0893965912000717",
author = "Fr\'{e}d\'{e}ric Chazal and Primoz Skraba and Amit Patel",
keywords = "Well groups",
keywords = "Persistence",
keywords = "Fixed points",
keywords = "Stability",
keywords = "Algorithms "
}

@article{FrKr2016well,
author="Franek, Peter and Kr{\v{c}}{\'a}l, Marek",
title="On Computability and Triviality of Well Groups",
journal="Discrete and Computational Geometry",
year="2016",
volume="56",
number="1",
pages="126--164",
issn="1432-0444",
doi="10.1007/s00454-016-9794-2",
url="http://dx.doi.org/10.1007/s00454-016-9794-2"
}

@article{FrKr2016pers,
author="Franek, Peter and Kr{\v{c}}{\'a}l, Marek",
title="Persistence of Zero Sets",
journal="",
year="2016",
volume="",
number="",
pages="",
note="Preprint available at \href{https://arxiv.org/abs/1507.04310}{https://arxiv.org/abs/1507.04310}"
}


@article{FrKr2015,
 author = {Franek, Peter and Kr{\v{c}}{\'a}l, Marek},
 title = {Robust Satisfiability of Systems of Equations},
 journal = {Journal of the {ACM}},
 issue_date = {August 2015},
 volume = {62},
 number = {4},
 month = sep,
 year = {2015},
 issn = {0004-5411},
 pages = {26:1--26:19},
 articleno = {26},
 numpages = {19},
 url = {http://doi.acm.org/10.1145/2751524},
 doi = {10.1145/2751524},
 acmid = {2751524},
 publisher = {ACM},
 address = {New York, NY, USA},
 keywords = {Nonlinear equations, satisfiability, topological extension, undecidability},
} 


@article{FrKrWa2016,
 author = {Franek, Peter and Kr{\v{c}}{\'a}l, Marek and Wagner, Hubert},
 title = {Robustness of Zero Sets: {I}mplementation},
 year = {2016},
 note = {Preprint available at \url{http://www.cs.cas.cz/~franek/rob-sat/experimental.pdf}}
} 

@article{FrRa2015,
  author    = {Peter Franek and Stefan Ratschan},
  title     = {Effective Topological Degree Computation Based on Interval Arithmetic},
  journal   = {Mathematics of Computation},
  volume    = {84},
  year      = {2015},
  pages     = {1265--1290},
  doi       = {10.1090/S0025-5718-2014-02877-9}
}

@article{FrLa2005,
author = {Andreas Frommer and Bruno Lang},
title = {Existence Tests for Solutions of Nonlinear Equations Using {B}orsuk's Theorem},
journal = {SIAM Journal on Numerical Analysis},
volume = {43},
number = {3},
pages = {1348--1361},
year = {2005},
doi = {10.1137/S0036142903438148}
}

@article{VaBo1996,
  title={Semidefinite programming},
  author={Vandenberghe, Lieven and Boyd, Stephen},
  journal={SIAM review},
  volume={38},
  number={1},
  pages={49--95},
  year={1996},
  publisher={SIAM}
}

@article{PaBo2017,
  author    = {Jaehyun Park and Stephen Boyd},
  title     = {General Heuristics for Nonconvex Quadratically Constrained Quadratic Programming},
  journal   = {CoRR},
  volume    = {abs/1703.07870},
  year      = {2017},
  url       = {http://arxiv.org/abs/1703.07870},
}

@article{Lasserre2011,
  title={Min-max and robust polynomial optimization},
  author={Jean B. Lasserre},
  journal={Journal of Global Optimization},
  year={2011},
  volume={51},
  pages={1--10}
}

@article{Lasserre2006,
  title={Robust global optimization with polynomials},
  author={Lasserre, Jean B},
  journal={Mathematical programming},
  volume={107},
  number={1-2},
  pages={275--293},
  year={2006},
  publisher={Springer}
}


@misc{EACDOE2018,
author="Ali Ghassemian",
title="{DOE-OE Advanced Modeling Grid Research Program}",
note="Slides at https://www.energy.gov/oe/downloads/electricity-advisory-committee-meeting-presentations-july-2018-monday-july-9-2018",
year="2018" 
}

@misc{DvKrLuRa2020,
    title={Robust Feasibility of Systems of Quadratic Equations Using Topological Degree Theory},
    author={Krishnamurthy Dvijotham and Bala Krishnamoorthy and Yunqi Luo and  Benjamin Rapone},
    year={2019},
    eprint={1907.12206},
    archivePrefix={arXiv},
    primaryClass={math.OC}
}

@inproceedings{CoHiVa2016,
  author={Coffrin, Carleton and Hijazi, Hassan and {Van Hentenryck}, Pascal},
  booktitle={2016 Power Systems Computation Conference (PSCC)}, 
  title={{Network Flow and Copper Plate Relaxations for AC Transmission Systems}}, 
  year={2016},
  volume={},
  number={},
  pages={1--8},
  doi={10.1109/PSCC.2016.7540869}}

@article{MoHi2019,
year = {2019},
volume = {4},
journal = {Foundations and Trends in Electric Energy Systems},
title = {{A Survey of Relaxations and Approximations of the Power Flow Equations}},
doi = {10.1561/3100000012},
issn = {2332-6557},
number = {1-2},
pages = {1--221},
author = {Daniel K. Molzahn and Ian A. Hiskens}
}

@article{TaHo2011,
author={Taylor, Joshua A. and Hover, Franz S.},
journal={IEEE Transactions on Power Systems},
title={{Linear Relaxations for Transmission System Planning}},
year={2011},
volume={26},
number={4},
pages={2533--2538},
doi={10.1109/TPWRS.2011.2145395}
}

@inproceedings{LeMoBoDe2011,
author={Lesieutre, Bernard C. and Molzahn, Daniel K. and Borden, Alex R. and DeMarco, Christopher L.},
booktitle={2011 49th Annual Allerton Conference on Communication, Control, and Computing (Allerton)}, 
title={Examining the limits of the application of semidefinite programming to power flow problems}, 
year={2011},
volume={},
number={},
pages={1492--1499},
doi={10.1109/Allerton.2011.6120344}}

@article{KoDeSu2016,
title={{Strong SOCP Relaxations for the Optimal Power Flow Problem}},
volume={64},
ISSN={1526-5463},
DOI={10.1287/opre.2016.1489},
number={6},
journal={Operations Research},
publisher={Institute for Operations Research and the Management Sciences (INFORMS)},
author={Kocuk, Burak and Dey, Santanu S. and Sun, X. Andy},
year={2016},
month={Dec},
pages={1177â€“-1196}}

@ARTICLE{ExRa1999,
author={G{\'o}mez Exp{\'o}sito, Antonio and Romero Ramos, E.},
journal={IEEE Transactions on Power Systems},
title={{Reliable Load Flow Technique for Radial Distribution Networks}},
year={1999},
volume={14},
number={3},
pages={1063--1069},
doi={10.1109/59.780924}}

@ARTICLE{Ja2006,
author={Jabr, R.A.},
journal={IEEE Transactions on Power Systems}, 
title={Radial distribution load flow using conic programming}, 
year={2006},
volume={21},
number={3},
pages={1458--1459},
doi={10.1109/TPWRS.2006.879234}}

@article{Mc1976,
author = {McCormick, Garth P.},
title = {{Computability of Global Solutions to Factorable Nonconvex Programs: Part I -- Convex Underestimating Problems}},
year = {1976},
issue_date = {December  1976},
publisher = {Springer-Verlag},
address = {Berlin, Heidelberg},
volume = {10},
number = {1},
issn = {0025-5610},
doi = {10.1007/BF01580665},
abstract = {For nonlinear programming problems which are factorable, a computable procedure for
obtaining tight underestimating convex programs is presented. This is used to exclude
from consideration regions where the global minimizer cannot exist.},
journal = {Mathematical Programming},
month = dec,
pages = {147--175},
numpages = {29}
}